@online{gameSpy,
author = "Tom Hatfield",
title = "Rise Of The Roguelikes: A Genre Evolves",
year = 2013,
url = "http://pc.gamespy.com/pc/ftl-faster-than-light/1227287p1.html",
urldate = "13/04/2021"
}

@online{gamDev,
author = "Alex Wawro",
title = "7 uses of procedural generation that all developers should study",
year = 2016,
url = "https://www.gamedeveloper.com/design/7-uses-of-procedural-generation-that-all-developers-should-study",
urldate = "17/06/2021"
}

@online{noMan,
author = "Chris Baker",
title = "No Manâ€™s Sky: How Games Are Building Themselves",
year = 2016,
url = "https://www.rollingstone.com/culture/culture-news/no-mans-sky-how-games-are-building-themselves-104779/",
urldate = "17/10/2021"
}

@online{diablo,
author = "Blizzard",
title = "Diablo",
year = 1997,
url = ": http://www.blizzard.com/",
urldate = "17/10/2021"
}
@online{diablo2,
author = "Blizzard",
title = "Diablo 2",
year = 2000,
url = ": http://www.blizzard.com/diablo2/",
urldate = "17/10/2021"
}

@online{spelunky,
author = "Derek Yu",
title = "Spelunky",
year = 2008,
url = "https://en.wikipedia.org/wiki/Spelunky",
urldate = "17/10/2021"
}

@online{rogue,
author = "Epyx, Artificial Intelligence Design, Mastertronic",
title = "Rogue",
year = 1980,
url = "https://en.wikipedia.org/wiki/Rogue_(video_game)",
urldate = "17/10/2021"
}

@online{automaticGenDungeons,
author = "David Adams",
title = "The Future of Procedural Content Generation in Games",
year = 2002,
url = "https://citeseerx.ist.psu.edu/viewdoc/download?doi=10.1.1.119.1445&rep=rep1&type=pdf",
urldate = "10/11/2021"
}

@online{theFutureOfPCG,
author = "Gillian Smith",
title = "Automatic Generation of Dungeons for Computer Games",
year = 2002,
url = "https://citeseerx.ist.psu.edu/viewdoc/download?doi=10.1.1.119.1445&rep=rep1&type=pdf",
urldate = "10/11/2021"
}

@ARTICLE{6017222,
  author={Togelius, Julian and Whitehead, Jim and Bidarra, Rafael},
  journal={IEEE Transactions on Computational Intelligence and AI in Games}, 
  title={Guest Editorial: Procedural Content Generation in Games}, 
  year={2011},
  volume={3},
  number={3},
  pages={169-171},
  doi={10.1109/TCIAIG.2011.2166554}}
  
  
  @book{short2017procedural,
  title={Procedural Generation in Game Design},
  author={Short, T. and Adams, T.},
  isbn={9781498799201},
  url={https://books.google.co.uk/books?id=Rj4PEAAAQBAJ},
  year={2017},
  publisher={CRC Press}
}

@article{roberts2014learning,
  title={Learning-based procedural content generation},
  author={Roberts, Jonathan and Chen, Ke},
  journal={IEEE Transactions on Computational Intelligence and AI in Games},
  volume={7},
  number={1},
  pages={88--101},
  year={2014},
  publisher={IEEE}
}

@book{shaker2016procedural,
author={Shaker, Noor and Togelius, Julian and Nelson, Mark J.},
title={Procedural Content Generation in Games: A Textbook and an Overview of Current Research},
publisher={Springer},
year={2016}
}
  
  